<record><leader>00000cas a2200000   4500</leader><controlfield tag="001">3928111</controlfield><controlfield tag="008">780525c19539999nyuwr ne      0   a0eng c</controlfield><datafield ind1=" " ind2=" " tag="010"><subfield code="a">sn 78003969 </subfield></datafield><datafield ind1=" " ind2=" " tag="040"><subfield code="a">COO</subfield><subfield code="b">eng</subfield><subfield code="c">COO</subfield><subfield code="d">NSD</subfield><subfield code="d">NYS</subfield><subfield code="d">OCLCQ</subfield><subfield code="d">NYS</subfield><subfield code="d">OCLCQ</subfield><subfield code="d">OCLCF</subfield><subfield code="d">OCLCO</subfield></datafield><datafield ind1=" " ind2=" " tag="012"><subfield code="j">0</subfield><subfield code="m">1</subfield></datafield><datafield ind1="1" ind2=" " tag="022"><subfield code="a">0038-352X</subfield><subfield code="l">0038-352X</subfield><subfield code="2">1</subfield></datafield><datafield ind1="1" ind2=" " tag="029"><subfield code="a">AU@</subfield><subfield code="b">000025824864</subfield></datafield><datafield ind1=" " ind2=" " tag="032"><subfield code="a">503960</subfield><subfield code="b">USPS</subfield></datafield><datafield ind1=" " ind2=" " tag="037"><subfield code="b">South Shore Publishers, Hewlett Plaza, Hewlett, NY 11557</subfield></datafield><datafield ind1=" " ind2=" " tag="042"><subfield code="a">nsdp</subfield><subfield code="a">pcc</subfield></datafield><datafield ind1=" " ind2=" " tag="043"><subfield code="a">n-us-ny</subfield></datafield><datafield ind1="0" ind2=" " tag="130"><subfield code="a">South Shore record (Woodmere, N.Y.)</subfield></datafield><datafield ind1=" " ind2="0" tag="222"><subfield code="a">South Shore record</subfield><subfield code="b">(Hewlett, N.Y.)</subfield></datafield><datafield ind1="1" ind2="0" tag="245"><subfield code="a">South Shore record.</subfield></datafield><datafield ind1=" " ind2=" " tag="260"><subfield code="a">Woodmere, N.Y.,</subfield><subfield code="b">South Shore Record Pub.,</subfield><subfield code="c">1853-</subfield></datafield><datafield ind1=" " ind2=" " tag="300"><subfield code="a">v. :</subfield><subfield code="b">ill.</subfield></datafield><datafield ind1=" " ind2=" " tag="310"><subfield code="a">Weekly</subfield></datafield><datafield ind1="0" ind2=" " tag="362"><subfield code="a">vol. 1, no. 1 (Oct. 15, 1953)-</subfield></datafield><datafield ind1=" " ind2=" " tag="500"><subfield code="a">Published in Woodmere, N.Y., Oct. 15, 1953-1954; and in Hewlett, N.Y. 1954-</subfield></datafield><datafield ind1=" " ind2=" " tag="500"><subfield code="a">"Serving Far Rockaway, Inwood, Atlantic Beach, Lawrence, Cedarhurst, Woodmere, Hewlett, Gibson, Valley Stream, East Rockaway and Lynbrook."</subfield></datafield><datafield ind1=" " ind2=" " tag="588"><subfield code="a">Latest issue consulted: (Dec. 29, 1983/Jan. 4, 1984).</subfield></datafield><datafield ind1=" " ind2="0" tag="651"><subfield code="a">Hewlett (N.Y.)</subfield><subfield code="v">Newspapers.</subfield></datafield><datafield ind1=" " ind2="0" tag="651"><subfield code="a">Woodmere (N.Y.)</subfield><subfield code="v">Newspapers.</subfield></datafield><datafield ind1=" " ind2="0" tag="651"><subfield code="a">Nassau County (N.Y.)</subfield><subfield code="v">Newspapers.</subfield></datafield><datafield ind1=" " ind2="7" tag="655"><subfield code="a">Newspapers.</subfield><subfield code="2">fast</subfield><subfield code="0">(OCoLC)fst01423814</subfield></datafield><datafield ind1=" " ind2="7" tag="651"><subfield code="a">New York (State)</subfield><subfield code="z">Hewlett.</subfield><subfield code="2">fast</subfield><subfield code="0">(OCoLC)fst01272765</subfield></datafield><datafield ind1=" " ind2="7" tag="651"><subfield code="a">New York (State)</subfield><subfield code="z">Nassau County.</subfield><subfield code="2">fast</subfield><subfield code="0">(OCoLC)fst01205518</subfield></datafield><datafield ind1=" " ind2="7" tag="651"><subfield code="a">New York (State)</subfield><subfield code="z">Woodmere.</subfield><subfield code="2">fast</subfield><subfield code="0">(OCoLC)fst01237686</subfield></datafield><datafield ind1=" " ind2=" " tag="752"><subfield code="a">United States</subfield><subfield code="b">New York</subfield><subfield code="c">Nassau</subfield><subfield code="d">Hewlett.</subfield></datafield><datafield ind1=" " ind2=" " tag="752"><subfield code="a">United States</subfield><subfield code="b">New York</subfield><subfield code="c">Nassau</subfield><subfield code="d">Woodmere.</subfield></datafield></record>